@book{astruc2007organometallic,
  title={Organometallic chemistry and catalysis},
  author={Astruc, Didier},
  volume={291},
  year={2007},
  publisher={Springer}
}

@book{jens2014fundamental,
  title={Fundamental concepts in heterogeneous catalysis},
  author={Jens, K and Studt, Felix and Abild-Pedersen, Frank and Bligaard, Thomas},
  year={2014},
  publisher={John Wiley \& Sons}
}

@article{vogt2015fluid,
  title={Fluid catalytic cracking: recent developments on the grand old lady of zeolite catalysis},
  author={Vogt, ETC and Weckhuysen, BM},
  journal={Chemical Society Reviews},
  volume={44},
  number={20},
  pages={7342--7370},
  year={2015},
  publisher={Royal Society of Chemistry}
}

@book{mcgovern2003origins,
  title={The origins and ancient history of wine: food and nutrition in history and antropology},
  author={McGovern, Patrick E and Fleming, Stuart J and Katz, Solomon H},
  year={2003},
  publisher={Routledge}
}

@article{armstrong1887xxviii,
  title={XXVIII.â€”An explanation of the laws which govern substitution in the case of benzenoid compounds},
  author={Armstrong, Henry E},
  journal={Journal of the Chemical Society, Transactions},
  volume={51},
  pages={258--268},
  year={1887},
  publisher={Royal Society of Chemistry}
}

@article{ravishankara2009nitrous,
  title={Nitrous oxide (N2O): the dominant ozone-depleting substance emitted in the 21st century},
  author={Ravishankara, AR and Daniel, John S and Portmann, Robert W},
  journal={science},
  volume={326},
  number={5949},
  pages={123--125},
  year={2009},
  publisher={American Association for the Advancement of Science}
}

@book{de2005cytochrome,
  title={Cytochrome P450: structure, mechanism, and biochemistry},
  author={De Montellano, Paul R Ortiz},
  year={2005},
  publisher={Springer Science \& Business Media}
}

@book{bhaduri2014homogeneous,
  title={Homogeneous catalysis: mechanisms and industrial applications},
  author={Bhaduri, Sumit and Mukesh, Doble},
  year={2014},
  publisher={John Wiley \& Sons}
}

@article{van2014challenges,
  title={Challenges in reduction of dinitrogen by proton and electron transfer},
  author={Van der Ham, Cornelis JM and Koper, Marc TM and Hetterscheid, Dennis GH},
  journal={Chemical Society Reviews},
  volume={43},
  number={15},
  pages={5183--5191},
  year={2014},
  publisher={Royal Society of Chemistry}
}

@article{kagan2012victor,
  title={Victor Grignard and Paul Sabatier: two showcase laureates of the Nobel Prize for Chemistry},
  author={Kagan, Henri B},
  journal={Angewandte Chemie International Edition},
  volume={51},
  number={30},
  pages={7376--7382},
  year={2012},
  publisher={Wiley Online Library}
}

