@article{lim2012mechanism,
  title={Mechanism of homogeneous reduction of CO2 by pyridine: proton relay in aqueous solvent and aromatic stabilization},
  author={Lim, Chern-Hooi and Holder, Aaron M and Musgrave, Charles B},
  journal={Journal of the American Chemical Society},
  volume={135},
  number={1},
  pages={142--154},
  year={2012},
  publisher={ACS Publications}
}

